@online{hame_shapefile_2019,
	title = {Shapefile vs. {GeoJSON} vs. {GeoPackage}},
	url = {https://feed.terramonitor.com/shapefile-vs-geopackage-vs-geojson/},
	abstract = {What if you were given the option to choose your {GIS} file format freely, is there one format which is technically superior to the others?},
	titleaddon = {Terramonitor Feed},
	author = {HÃ¤me, Juho},
	urldate = {2019-08-29},
	date = {2019-07-03},
	langid = {english},
	file = {Snapshot:/home/jakobgm/Zotero/storage/4QIB3JXR/2019 - Shapefile vs. GeoJSON vs. GeoPackage.html:text/html}
}
